@standard{nema2018,
    title = {{NEMA NU 2-2018: Performance Measurements of Positron Emission Tomographs}},
    author = {{National Electrical Manufacturers Association}},
    year = 2018,
    institution = {National Electrical Manufacturers Association},
    location = {Rosslyn, VA},
}